@inproceedings{dianu2014measurement,
  title={Measurement-Based Study of the Performance of IEEE 802.11 ac in an Indoor Environment},
  author={Dianu, Mihaela-Diana and Riihijarvi, Janne and Petrova, Marina},
  booktitle={Communications (ICC), 2014 IEEE International Conference on},
  pages={5771--5776},
  year={2014},
  organization={IEEE}
}
@inproceedings{zeng2014first,
  title={A first look at 802.11 ac in action: Energy efficiency and interference characterization},
  author={Zeng, Yunze and Pathak, Parth H and Mohapatra, Prasant},
  booktitle={Networking Conference, 2014 IFIP},
  pages={1--9},
  year={2014},
  organization={IEEE}
}

@inproceedings{petrova2007interference,
  title={Interference measurements on performance degradation between colocated ieee 802.11 g/n and ieee 802.15. 4 networks},
  author={Petrova, Marina and Wu, Lili and Mahonen, Petri and Riihijarvi, Janne},
  booktitle={Networking, 2007. ICN'07. Sixth International Conference on},
  pages={93--93},
  year={2007},
  organization={IEEE}
}
@inproceedings{kamerman1997microwave,
  title={Microwave oven interference on wireless LANs operating in the 2.4 GHz ISM band},
  author={Kamerman, Ad and Erkocevic, Nedim},
  booktitle={Personal, Indoor and Mobile Radio Communications, 1997. Waves of the Year 2000. PIMRC'97., The 8th IEEE International Symposium on},
  volume={3},
  pages={1221--1227},
  year={1997},
  organization={IEEE}
}
@inproceedings{verkaik2009softspeak,
  title={Softspeak: Making VoIP Play Well in Existing 802.11 Deployments.},
  author={Verkaik, Patrick and Agarwal, Yuvraj and Gupta, Rajesh and Snoeren, Alex C},
  booktitle={NSDI},
  volume={9},
  pages={409--422},
  year={2009}
}
@article{golmie2003interference,
  title={Interference evaluation of Bluetooth and IEEE 802.11 b systems},
  author={Golmie, Nada and Van Dyck, Robert E and Soltanian, Amir and Tonnerre, Arnaud and Rebala, Olivier},
  journal={Wireless Networks},
  volume={9},
  number={3},
  pages={201--211},
  year={2003},
  publisher={Springer-Verlag New York, Inc.}
}
@article{shin2007mutual,
  title={Mutual interference analysis of IEEE 802.15. 4 and IEEE 802.11 b},
  author={Shin, Soo Young and Park, Hong Seong and Kwon, Wook Hyun},
  journal={Computer Networks},
  volume={51},
  number={12},
  pages={3338--3353},
  year={2007},
  publisher={Elsevier}
}
@article{gummadi2007understanding,
  title={Understanding and mitigating the impact of RF interference on 802.11 networks},
  author={Gummadi, Ramakrishna and Wetherall, David and Greenstein, Ben and Seshan, Srinivasan},
  journal={ACM SIGCOMM Computer Communication Review},
  volume={37},
  number={4},
  pages={385--396},
  year={2007},
  publisher={ACM}
}
@article{bellalta2012performance,
  title={On the performance of packet aggregation in IEEE 802.11 ac MU-MIMO WLANs},
  author={Bellalta, Boris and Barcelo, Jaume and Staehle, Dirk and Vinel, Alexey and Oliver, Miquel},
  journal={Communications Letters, IEEE},
  volume={16},
  number={10},
  pages={1588--1591},
  year={2012},
  publisher={IEEE}
}
@inproceedings{ong2011ieee,
  title={IEEE 802.11 ac: Enhancements for very high throughput WLANs},
  author={Ong, Eng Hwee and Kneckt, Jarkko and Alanen, Olli and Chang, Zheng and Huovinen, Toni and Nihtila, Timo},
  booktitle={Personal Indoor and Mobile Radio Communications (PIMRC), 2011 IEEE 22nd International Symposium on},
  pages={849--853},
  year={2011},
  organization={IEEE}
}
@inproceedings{redieteab2012mu,
  title={SU/MU-MIMO in IEEE 802.11 ac: PHY+ MAC performance comparison for single antenna stations},
  author={Redieteab, Getachew and Cariou, Laurent and Christin, Philippe and H{\'e}lard, J-F},
  booktitle={Wireless Telecommunications Symposium (WTS), 2012},
  pages={1--5},
  year={2012},
  organization={IEEE}
}
@inproceedings{fuxjager2007myth,
  title={The myth of non-overlapping channels: interference measurements in ieee 802.11},
  author={Fuxjager, Paul and Valerio, Danilo and Ricciato, Fabio},
  booktitle={Wireless on Demand Network Systems and Services, 2007. WONS'07. Fourth Annual Conference on},
  pages={1--8},
  year={2007},
  organization={IEEE}
}
@article{kandula2009detailed,
  title={Detailed diagnosis in enterprise networks},
  author={Kandula, Srikanth and Mahajan, Ratul and Verkaik, Patrick and Agarwal, Sharad and Padhye, Jitendra and Bahl, Paramvir},
  journal={ACM SIGCOMM Computer Communication Review},
  volume={39},
  number={4},
  pages={243--254},
  year={2009},
  publisher={ACM}
}

@article{ieee80211ac,
journal={IEEE Std 802.11ac-2013 (Amendment to IEEE Std 802.11-2012, as amended by IEEE Std 802.11ae-2012, IEEE Std 802.11aa-2012, and IEEE Std 802.11ad-2012)},
title={IEEE Standard for Information technology-- Telecommunications and information exchange between systemsLocal and metropolitan area networks-- Specific requirements--Part 11: Wireless LAN Medium Access Control (MAC) and Physical Layer (PHY) Specifications--Amendment 4: Enhancements for Very High Throughput for Operation in Bands below 6 GHz.},
year={2013},
month={Dec},
pages={1-425}
}

@article{ieee80211a,
journal={IEEE Std 802.11a-1999},
title={IEEE Standard for Telecommunications and Information Exchange Between Systems - LAN/MAN Specific Requirements - Part 11: Wireless Medium Access Control (MAC) and physical layer (PHY) specifications: High Speed Physical Layer in the 5 GHz band},
year={1999},
month={Dec},
pages={1-102}
}

@article{ieee80211b,
journal={IEEE Std 802.11b-1999/Cor 1-2001},
title={IEEE Standard for Information Technology - Telecommunications and Information Exchange Between Systems - Local and Metropolitan Area Networks - Specific Requirement. Part 11: Wireless LAN Medium Access Control (MAC) and Physical Layer (PHY) Specifications. Amendment 2: Higher-Speed Physical Layer (PHY) Extension in the 2.4 GHz Band - Corrigendum 1},
year={2001},
month={},
pages={0_1-}
}

@article{ieee80211n,
journal={IEEE Std 802.11n-2009 (Amendment to IEEE Std 802.11-2007 as amended by IEEE Std 802.11k-2008, IEEE Std 802.11r-2008, IEEE Std 802.11y-2008, and IEEE Std 802.11w-2009)},
title={IEEE Standard for Information technology-- Local and metropolitan area networks-- Specific requirements-- Part 11: Wireless LAN Medium Access Control (MAC)and Physical Layer (PHY) Specifications Amendment 5: Enhancements for Higher Throughput},
year={2009},
month={Oct},
pages={1-565}
}

@article{ieee80211g,
journal={IEEE Std 802.11g-2003 (Amendment to IEEE Std 802.11, 1999 Edn. (Reaff 2003) as amended by IEEE Stds 802.11a-1999, 802.11b-1999, 802.11b-1999/Cor 1-2001, and 802.11d-2001)},
title={IEEE Standard for Information Technology- Telecommunications and Information Exchange Between Systems- Local and Metropolitan Area Networks- Specific Requirements Part Ii: Wireless LAN Medium Access Control (MAC) and Physical Layer (PHY) Specifications},
year={2003},
month={},
pages={i-67}
}
